@manual{V103,
  organization = {TU Dortmund, Fakultät Physik},
  title = {Versuchsanleitung zu Versuch Nr. 103 Biegung elastischer Stäbe},
  year = 2021
}

@manual{flaeche,
  organization = {Universität Siegen},
  title = {Flächenträgheitsmomente einiger Querschnitte},
  url = {https://www.bau.uni-siegen.de/subdomains/bauinformatik/lehre/tm2/arbeitsblaetter/arbeitsblatt_08_flaechentraegheitsmomente_bsp.pdf},
  urldate = {2021-11-21}
}

@online{Dichte,
  url = {https://www.scheideanstalt.de/metallglossar/metallglossar/},
  urldate = {2021-11-21},
  title = {Metallglossar},
  organization = {ESG Edelmetall-Service GmbH und Co. KG}
}