@manual{V103,
  organization = {TU Dortmund, Fakult채t Physik},
  title = {Versuchsanleitung zu Versuch Nr. 103 Biegung elastischer St채be},
  year = 2021
}

@manual{V204,
  organization = {TU Dortmund, Fakult채t Physik},
  title = {Versuchsanleitung zu Versuch Nr. 204 W채rmeleitung von Metallen},
  year = 2021
}
