@manual{V204,
  organization = {TU Dortmund, Fakultät Physik},
  title = {Versuchsanleitung zu Versuch Nr. 204 Wärmeleitung von Metallen},
  year = 2021
}
