@manual{V103,
  organization = {TU Dortmund, Fakultät Physik},
  title = {Versuchsanleitung zu Versuch Nr. 103 Biegung elastischer Stäbe},
  year = {2021},
}

@manual{V204,
  organization = {TU Dortmund, Fakultät Physik},
  title = {Versuchsanleitung zu Versuch Nr. 204 Wärmeleitung von Metallen},
  year = {2021},
}

@book{PhyPrak,
  title = {Physikalisches Praktikum},
  author = {Wolfgang Schenk},
  year = {2014},
  isbn = {978-3-658-00665-5},
  publisher = {Friedrich Kremer, Springer Spektrum},
}

@online{EdelWäLeit,
  url = {https://www.schweizer-fn.de/stoff/wleit_metall/wleit_metall.php},
  urldate = {24.11.2021},
  titel = {Wärmeleitfähigkeit - Metalle},
  author = {Anton Schweizer},
  year = {2021},
  }
